@online{ISO,
	author = {Mohd Sohail},
	title = {Make Your Very Own Customized Linux Distro From Your Current Installation}, 
	year: 2019,
	url= {http://www.linuxandubuntu.com/home/make-your-very-own-customized-linux-distro-from-your-current-installation},
	urldate = {2020-07-2019}
}

@online{keyring,
	author = {},
	title = {I need to securely store a username and password in Python, what are my options?},
	year = 2019,
	url = {https://stackoverflow.com/questions/7014953/i-need-to-securely-store-a-username-and-password-in-python-what-are-my-options},
	urldate = {}
}

@online{nmcli,
	author = {},
	title = {Configure WiFi Connections},
	year = 2020,
	url = {https://docs.ubuntu.com/core/en/stacks/network/network-manager/docs/configure-wifi-connections}.
	urldate = {}
}

@online{smb,
	author = {},
	title = {Samba}.
	year = 2020,
	url = {https://wiki.archlinux.fr/Samba#Installation},
	urldate ={}
}

@online{bot,
	author = {Gabriel Roche},
	title = {Bot HEIG-VD},
	year = 2020,
	url = {https://github.com/HEIG-TS/heig-bot},
	urldate = {}
}


@online{evs,
	author = {Scott D. Lowe},
	title = {What is the difference between emulation vs. virtualization?},
	year = 2013,
	url = {http://techgenix.com/what-difference-between-emulation-vs-virtualization/},
	urldate = {04-11-2013}
}


@online{evs2,
	author = {TEC Team},
	title = {Virtualization vs. Emulation vs. Simulation: What's the Difference?},
	year = 2019,
	url = {https://www3.technologyevaluation.com/sd/category/virtualization-virtual-machine/articles/virtualization-vs-emulation-vs-simulation},
	urldate = {22-05-2019}
}

@online{dvk,
	author = {Katie Lane},
	title = {Kubernetes vs. Docker: What Does It Really Mean?},
	year = 2019,
	url = {https://www.sumologic.com/blog/kubernetes-vs-docker/},
	urldate = {22-10-2019}
}

@online{vnc,
	author = {Ravie Saive},
	title = {How to Access Remote VNC Desktop from Web Browser Using TightVNC Java Viewer},
	year = 2015,
	url = {https://www.tecmint.com/vnc-desktop-access-from-web-browser/},
	urldate = {07-01-2015}
}

@online{vncs,
	author = {Ravie Saive},
	title = {Install TightVNC Server in RHEL/CentOS and Fedora to Access Remote Desktops},
	year = 2013,
	url = {https://www.tecmint.com/install-tightvnc-remote-desktop/},
	urldate = {24-07-2013}
}

@online{vncs,
	author = {},
	title = {Guacamole's documentation},
	year = ,
	url = {
	https://guacamole.apache.org/doc/gug/preface.html#:~:text=Guacamole%20is%20an%20HTML5%20web,such%20as%20VNC%20or%20RDP).&text=Originally%20a%20proof%2Dof%2Dconcept,development%20is%20done%20over%20Guacamole.},
	urldate = {}
}

@online{sev,
	author = {Lelio Motta},
	title = {Emuler, simuler, virtualiser : de quoi parle t-on ?},
	year = 2020,
	url = {https://openclassrooms.com/en/courses/2581701-simulez-des-architectures-reseaux-avec-gns3/4823141-emuler-simuler-virtualiser-de-quoi-parle-t-on},
	urldate	= {27-02-2020}
}

@online{guac,
	author = {Deviant Engineer},
	title = {Install Guacamole from source on CentOS 729 Nov 2016},
	year = 2018,
	url = {https://deviant.engineer/2016/11/guacamole-incubator-centos7/},
	urldate = {09-04-2018}
}

@online{vnc_conf,
	author = {Pradeep Kumar},
	title = {Install and Configure VNC Server in CentOS 7 and RHEL 7},
	year = 2020,
	url = {https://www.linuxtechi.com/install-configure-vnc-server-centos-7-rhel-7/},
	urldate = {01-03-2020}
}

@online{creatim,
	author = {Creative Tim},
	title = {Material Dashboard},
	year = ,
	url = {https://www.creative-tim.com/product/material-dashboard},
	urldate = {01-03-2020}
}